[gd_scene load_steps=15 format=1]

[ext_resource path="res://assets/menu_bckgrnd.png" type="Texture" id=1]
[ext_resource path="res://scenes/1st_menu.gd" type="Script" id=2]
[ext_resource path="res://assets/screen_title_light.png" type="Texture" id=3]
[ext_resource path="res://assets/play_light.png" type="Texture" id=4]
[ext_resource path="res://assets/play_light_2.png" type="Texture" id=5]
[ext_resource path="res://assets/help.png" type="Texture" id=6]
[ext_resource path="res://assets/help_2.png" type="Texture" id=7]
[ext_resource path="res://assets/exit_light.png" type="Texture" id=8]
[ext_resource path="res://assets/exit_light_2.png" type="Texture" id=9]
[ext_resource path="res://assets/settings.png" type="Texture" id=10]
[ext_resource path="res://assets/settings_2.png" type="Texture" id=11]
[ext_resource path="res://assets/basis_help.png" type="Texture" id=12]

[sub_resource type="Animation" id=1]

resource/name = "title_clear"
length = 1.0
loop = false
step = 0.1
tracks/0/type = "value"
tracks/0/path = NodePath("title_screen:rect/pos")
tracks/0/interp = 1
tracks/0/imported = false
tracks/0/keys = { "times":FloatArray( 0, 0.5 ), "transitions":FloatArray( 1, 1 ), "update":0, "values":[ Vector2( 500, 150 ), Vector2( 490, -460 ) ] }

[sub_resource type="Animation" id=2]

resource/name = "basis_help"
length = 1.0
loop = false
step = 0.1
tracks/0/type = "value"
tracks/0/path = NodePath("basis_help:rect/pos")
tracks/0/interp = 1
tracks/0/imported = false
tracks/0/keys = { "times":FloatArray( 0, 0.5 ), "transitions":FloatArray( 1, 1 ), "update":0, "values":[ Vector2( 110, 900 ), Vector2( 110, 150 ) ] }

[node name="TextureFrame" type="TextureFrame"]

focus/ignore_mouse = true
focus/stop_mouse = true
size_flags/horizontal = 2
size_flags/vertical = 2
margin/left = 0.0
margin/top = 0.0
margin/right = 1602.0
margin/bottom = 901.0
texture = ExtResource( 1 )
stretch_mode = 6
script/script = ExtResource( 2 )

[node name="title_screen" type="TextureFrame" parent="."]

rect/scale = Vector2( 0.5, 0.5 )
focus/ignore_mouse = true
focus/stop_mouse = false
size_flags/horizontal = 2
size_flags/vertical = 2
margin/left = 500.0
margin/top = 150.0
margin/right = 1670.0
margin/bottom = 558.0
texture = ExtResource( 3 )
stretch_mode = 0

[node name="play" type="TextureButton" parent="title_screen"]

focus/ignore_mouse = false
focus/stop_mouse = true
size_flags/horizontal = 2
size_flags/vertical = 2
margin/left = 280.0
margin/top = 640.0
margin/right = 874.0
margin/bottom = 885.0
toggle_mode = false
enabled_focus_mode = 2
shortcut = null
textures/normal = ExtResource( 4 )
textures/pressed = ExtResource( 4 )
textures/hover = ExtResource( 5 )

[node name="help" type="TextureButton" parent="."]

hint/tooltip = "Help"
focus/ignore_mouse = false
focus/stop_mouse = true
size_flags/horizontal = 2
size_flags/vertical = 2
margin/left = 1420.0
margin/top = 10.0
margin/right = 1502.4
margin/bottom = 98.0
toggle_mode = false
enabled_focus_mode = 2
shortcut = null
textures/normal = ExtResource( 6 )
textures/pressed = ExtResource( 6 )
textures/hover = ExtResource( 7 )
params/scale = Vector2( 0.2, 0.2 )

[node name="exit" type="TextureButton" parent="."]

focus/ignore_mouse = false
focus/stop_mouse = true
size_flags/horizontal = 2
size_flags/vertical = 2
margin/left = 10.0
margin/top = 20.0
margin/right = 126.0
margin/bottom = 70.4
toggle_mode = false
enabled_focus_mode = 2
shortcut = null
textures/normal = ExtResource( 8 )
textures/pressed = ExtResource( 8 )
textures/hover = ExtResource( 9 )
params/scale = Vector2( 0.2, 0.2 )

[node name="settings" type="TextureButton" parent="."]

hint/tooltip = "Settings"
focus/ignore_mouse = false
focus/stop_mouse = true
size_flags/horizontal = 2
size_flags/vertical = 2
margin/left = 1510.0
margin/top = 16.0
margin/right = 1590.0
margin/bottom = 96.0
toggle_mode = false
enabled_focus_mode = 2
shortcut = null
textures/normal = ExtResource( 10 )
textures/pressed = ExtResource( 10 )
textures/hover = ExtResource( 11 )
params/scale = Vector2( 0.2, 0.2 )

[node name="settings_panel" type="TextureFrame" parent="."]

focus/ignore_mouse = true
focus/stop_mouse = true
size_flags/horizontal = 2
size_flags/vertical = 2
margin/left = 1130.0
margin/top = 220.0
margin/right = 1570.0
margin/bottom = 770.0
stretch_mode = 0

[node name="basis_help" type="TextureFrame" parent="."]

focus/ignore_mouse = true
focus/stop_mouse = true
size_flags/horizontal = 2
size_flags/vertical = 2
margin/left = 110.0
margin/top = 900.0
margin/right = 1510.0
margin/bottom = 1527.0
texture = ExtResource( 12 )
stretch_mode = 0

[node name="title_animation" type="AnimationPlayer" parent="."]

playback/process_mode = 1
playback/default_blend_time = 0.0
root/root = NodePath("..")
anims/title_clear = SubResource( 1 )
playback/active = true
playback/speed = 1.0
blend_times = [  ]
autoplay = ""

[node name="help_animation" type="AnimationPlayer" parent="."]

playback/process_mode = 1
playback/default_blend_time = 0.0
root/root = NodePath("..")
anims/basis_help = SubResource( 2 )
playback/active = true
playback/speed = 1.0
blend_times = [  ]
autoplay = ""

[connection signal="pressed" from="title_screen/play" to="." method="_on_play_pressed"]

[connection signal="pressed" from="help" to="." method="_on_help_pressed"]

[connection signal="pressed" from="exit" to="." method="_on_exit_pressed"]


